
@article{zakai_emscripten:_nodate,
	title = {Emscripten: {An} {LLVM}-to-{JavaScript} {Compiler}},
	shorttitle = {Emscripten},
	url = {http://ai2-s2-pdfs.s3.amazonaws.com/0ab2/4dda560e79160a8d41bee4e6e9f37a6a554e.pdf},
	urldate = {2017-03-06},
	author = {Zakai, Alon}
}

@article{lindley_links:_nodate,
	title = {Links: {Web} {Programming} {Without} {Tiers}},
	shorttitle = {Links},
	url = {http://citeseerx.ist.psu.edu/viewdoc/download?doi=10.1.1.492.6345&rep=rep1&type=pdf},
	urldate = {2017-03-06},
	author = {Lindley, Ezra Cooper Sam and Yallop, Philip Wadler Jeremy},
	file = {[PDF] psu.edu:/home/ikozin/.zotero/zotero/1wah3gqz.default/zotero/storage/N7TB3QRH/Lindley и Yallop - Links Web Programming Without Tiers.pdf:application/pdf}
}

@article{doeraene_scala._nodate,
	title = {Scala. js: {Type}-{Directed} {Interoperability} with {Dynamically} {Typed} {Languages}},
	shorttitle = {Scala. js},
	url = {http://infoscience.epfl.ch/record/190834/files/scalajs-paper.pdf},
	urldate = {2017-03-18},
	author = {Doeraene, Sébastien}
}

@article{pierce_types_nodate,
	title = {Types and {Programming} {Languages}},
	url = {http://newstar.rinet.ru/~goga/tapl/tapl.pdf},
	urldate = {2017-03-18},
	author = {Pierce, Benjamin C.}
}

@book{__2003,
	title = {Комбинаторная логика в программировании},
	url = {https://www.google.com/books?hl=ru&lr=&id=XU_42vSZsLsC&oi=fnd&pg=PA1&dq=%D0%B2%D0%BE%D0%BB%D1%8C%D1%84%D0%B5%D0%BD%D0%B3%D0%B0%D0%B3%D0%B5%D0%BD&ots=Oo1yE65zxw&sig=sxFn9ZyKR4pxiFg-hEa46wE2j64},
	urldate = {2017-03-22},
	publisher = {ООО «ЮрИнфоР-Пресс»},
	author = {Вольфенгаген, Вячеслав Эрнстович},
	year = {2003},
	file = {[HTML] google.com:/home/ikozin/.zotero/zotero/1wah3gqz.default/zotero/storage/695B8XXX/books.html:text/html}
}

@book{sorensen_lectures_2006,
	title = {Lectures on the {Curry}-{Howard} isomorphism},
	volume = {149},
	url = {https://www.google.com/books?hl=ru&lr=&id=_mtnm-9KtbEC&oi=fnd&pg=PP1&dq=lectures+on+curry+howard+isomorphism&ots=FNzFZeN_5P&sig=BG1F71vpkXWIXhuin6PWsDbKUWc},
	urldate = {2017-03-22},
	publisher = {Elsevier},
	author = {Sørensen, Morten Heine and Urzyczyn, Pawel},
	year = {2006},
	file = {[PDF] uminho.pt:/home/ikozin/.zotero/zotero/1wah3gqz.default/zotero/storage/MICC2C2F/Sørensen и Urzyczyn - 2006 - Lectures on the Curry-Howard isomorphism.pdf:application/pdf;Snapshot:/home/ikozin/.zotero/zotero/1wah3gqz.default/zotero/storage/6HQKHZEW/books.html:text/html}
}

@article{odersky_scala_2014,
	title = {The {Scala} {Language} {Specification}},
	url = {http://www-dev.scala-lang.org/files/archive/nightly/pdfs/ScalaReference.pdf},
	urldate = {2017-03-22},
	author = {Odersky, Martin},
	year = {2014},
	file = {[PDF] scala-lang.org:/home/ikozin/.zotero/zotero/1wah3gqz.default/zotero/storage/2FCSK8IU/Odersky - 2014 - The Scala Language Specification.pdf:application/pdf}
}

@article{elsman_smltojs:_2011,
	title = {{SMLtoJs}: {Hosting} a {Standard} {ML} compiler in a {Web} {Browser}},
	shorttitle = {{SMLtoJs}},
	url = {https://pdfs.semanticscholar.org/157c/15d53ffe5e6381264096b00c8ed7a75d5341.pdf},
	urldate = {2017-03-22},
	author = {Elsman, Martin},
	year = {2011},
	file = {[PDF] semanticscholar.org:/home/ikozin/.zotero/zotero/1wah3gqz.default/zotero/storage/FWR8HCAA/Elsman - 2011 - SMLtoJs Hosting a Standard ML compiler in a Web B.pdf:application/pdf}
}

@article{canou_obrowser:_2008,
	title = {O’{Browser}: {Objective} {Caml} on browsers},
	shorttitle = {O’{Browser}},
	url = {https://www.researchgate.net/profile/Vincent_Balat/publication/221057040_O'browser_objective_caml_on_browsers/links/0046353ac318d3959a000000.pdf},
	urldate = {2017-03-22},
	author = {Canou, Benjamin and Balat, Vincent and Chailloux, Emmanuel},
	year = {2008},
	file = {[PDF] researchgate.net:/home/ikozin/.zotero/zotero/1wah3gqz.default/zotero/storage/DM4IH66C/Canou et al. - 2008 - O’Browser Objective Caml on browsers.pdf:application/pdf}
}

@article{vouillon_bytecode_nodate,
	title = {From {Bytecode} to {JavaScript}: the {Js} of ocaml {Compiler}},
	shorttitle = {From {Bytecode} to {JavaScript}},
	url = {https://pdfs.semanticscholar.org/1b87/d68c7c4f7b897eeb09804657225f6f8f762f.pdf},
	urldate = {2017-03-22},
	author = {Vouillon, Jérôme and Balat, Vincent},
	file = {[PDF] semanticscholar.org:/home/ikozin/.zotero/zotero/1wah3gqz.default/zotero/storage/HZPMSJSX/Vouillon и Balat - From Bytecode to JavaScript the Js of ocaml Compi.pdf:application/pdf}
}

@article{anderson_towards_nodate,
	title = {Towards {Type} {Inference} for {JavaScript}},
	url = {http://pubs.doc.ic.ac.uk/typeinferenceforjavascript-ecoop/typeinferenceforjavascript-ecoop.pdf},
	urldate = {2017-03-22},
	author = {Anderson, Christopher and Giannini, Paola and Drossopoulou, Sophia},
	file = {[PDF] ic.ac.uk:/home/ikozin/.zotero/zotero/1wah3gqz.default/zotero/storage/PKIBEHZK/Anderson et al. - Towards Type Inference for JavaScript.pdf:application/pdf}
}

@book{flanagan_javascript:_2006,
	title = {{JavaScript}: the definitive guide},
	shorttitle = {{JavaScript}},
	url = {https://www.google.com/books?hl=ru&lr=&id=k0CbAgAAQBAJ&oi=fnd&pg=PT6&dq=javascript&ots=O2urhifzsX&sig=lTtImZw-RyFTxjtzytDmnige3bM},
	urldate = {2017-03-22},
	publisher = {" O'Reilly Media, Inc."},
	author = {Flanagan, David},
	year = {2006},
	file = {Snapshot:/home/ikozin/.zotero/zotero/1wah3gqz.default/zotero/storage/F6CPK7IV/books.html:text/html}
}

@book{petrella_learning_2013,
	title = {Learning {Play}! {Framework} 2},
	url = {https://www.google.com/books?hl=ru&lr=&id=SHquw-L_LdEC&oi=fnd&pg=PT10&dq=play+framework+scala&ots=57Rnm1TBZy&sig=svMbnBJyDdqyorxeZWKwC9KHWXM},
	urldate = {2017-03-22},
	publisher = {Packt Publishing Ltd},
	author = {Petrella, Andy},
	year = {2013},
	file = {Snapshot:/home/ikozin/.zotero/zotero/1wah3gqz.default/zotero/storage/US2X69BH/books.html:text/html}
}

@techreport{odersky_overview_2004,
	title = {An overview of the {Scala} programming language},
	url = {https://infoscience.epfl.ch/record/52656/files/ScalaOverview.pdf},
	urldate = {2017-03-22},
	author = {Odersky, Martin and Altherr, Philippe and Cremet, Vincent and Emir, Burak and Maneth, Sebastian and Micheloud, Stéphane and Mihaylov, Nikolay and Schinz, Michel and Stenman, Erik and Zenger, Matthias},
	year = {2004},
	file = {[PDF] epfl.ch:/home/ikozin/.zotero/zotero/1wah3gqz.default/zotero/storage/5IDTZ5WF/Odersky et al. - 2004 - An overview of the Scala programming language.pdf:application/pdf}
}

@book{__2004,
	title = {Методы и средства вычислений с объектами. Аппликативные вычислительные системы},
	url = {https://www.google.com/books?hl=ru&lr=&id=FAS_H4-Ey0QC&oi=fnd&pg=PA1&dq=%D0%B0%D0%BF%D0%BF%D0%BB%D0%B8%D0%BA%D0%B0%D1%82%D0%B8%D0%B2%D0%BD%D1%8B%D0%B5+%D0%B2%D1%8B%D1%87%D0%B8%D1%81%D0%BB%D0%B8%D1%82%D0%B5%D0%BB%D1%8C%D0%BD%D1%8B%D0%B5+%D1%81%D0%B8%D1%81%D1%82%D0%B5%D0%BC%D1%8B&ots=kMs6ANxzr9&sig=uzZSiG2Vgjk-d15lgm3qkft_jkY},
	urldate = {2017-03-22},
	publisher = {ООО «ЮрИнфоР-Пресс»},
	author = {Вольфенгаген, В. Э.},
	year = {2004},
	file = {[HTML] google.com:/home/ikozin/.zotero/zotero/1wah3gqz.default/zotero/storage/4NG62XGI/books.html:text/html}
}

@article{deacon_model-view-controller_2009,
	title = {Model-view-controller (mvc) architecture},
	url = {http://sites.google.com/site/urtechfriend/Home/MVC.pdf},
	urldate = {2017-05-25},
	journal = {Online][Citado em: 10 de março de 2006.] http://www. jdl. co. uk/briefings/MVC. pdf},
	author = {Deacon, John},
	year = {2009},
	file = {[PDF] google.com:/home/ikozin/.zotero/zotero/1wah3gqz.default/zotero/storage/E6P88HWW/Deacon - 2009 - Model-view-controller (mvc) architecture.pdf:application/pdf}
}
